@book {BalanzasElectrónicasLima_BalanzasConConexiónAComputadoras,
    author={{Balanzas Electrónicas Lima}},
    title={Balanzas con Conexión a Computadoras},
    url={https://balanzaselectronicaslima.com/balanzas-con-conexion-a-computadoras/}
}
@book {LasMejores10EmpresasDeBalanzas_BalanzasConConexiónAComputadoras,
    author={{Las Mejores 10 Empresas de balanzas}},
    title={Balanzas con Conexión a Computadoras},
    url={https://lasmejores10empresasdebalanzas.com/balanzas-con-conexion-a-computadoras/}
}
@book {FEMTO_BalanzaElectrónicaDePrecisión,
    author={{FEMTO}},
    title={Balanza electrónica de precisión},
    url={https://femto.es/balanza-electronica-de-precision}
}
@book {KOLAKM._HowDoesADigitalScaleWork?Hunker,
    author={Hunker - KOLAK, M.},
    title={How Does a Digital Scale Work?},
    url={https://www.hunker.com/12183358/how-does-a-digital-scale-work}
}
@book {HowStuffWorks_HowDoTruckWeighStationsWork?,
    author={{HowStuffWorks}},
    title={How do truck weigh stations work?},
    url={https://science.howstuffworks.com/engineering/civil/question626.htm},
    year={2001, mayo 1}
}
@book {M.T.I.I._SoftwareParaBalanzasEasyDirec,
    author={{M.-T. I. I.}},
    title={Software para balanzas EasyDirec},
    url={https://www.mt.com/mx/es/home/products/laboratory_weighing_solutions/software-for-laboratory-weighing/easydirect-balance-software.html}
}
@book {METTLERTOLEDO_GroupMarComRITM692067LS,
    author={{METTLER TOLEDO}},
    title={Group MarCom RITM692067 LS},
    url={https://www.mt.com/int/es/home/products/laboratory-software/labx-software/labx-balance-software.html}
}
@book {BalanzasPrecisur_TiposDeBalanzasElectrónicasODigitales,
    author={{Balanzas Precisur}},
    title={Tipos de balanzas Electrónicas o Digitales},
    url={https://balanzasprecisur.com/tipos-de-balanzas-electronicas-o-digitales/}
}
@book {Sipel_GALIL_PesajeDeCamiones,
    author={{Sipel}},
    title={GALIL - Pesaje de camiones},
    url={https://www.sipel.com.ar/es/producto/galil-pesaje-de-camiones}
}